@article{obamakieron,
author = {O'Hara, Kieron},
title = {{Social Machine Politics Are Here to Stay}},
journal = {{IEEE Internet Computing}},
year = {2013},
month = {March/April},
volume = {17},
number = {2},
}

@article{maslow,
  title={A theory of human motivation.},
  author={Maslow, Abraham Harold},
  journal={Psychological review},
  volume={50},
  number={4},
  pages={370},
  year={1943},
  publisher={American Psychological Association}
}
